%% This BibTeX bibliography file in UTF-8 format was created using Papers.
%% http://mekentosj.com/papers/

@article{Barbier_rpv,
author = {R Barbier and C B{\'e}rat and M Besancon and M Chemtob and A Deandrea and E Dudas and P Fayet and S Lavignac and G Moreau and E Perez}, 
journal = {Arxiv preprint hep-ph/0406039},
title = {R-parity violating supersymmetry},
year = {2004},
date-added = {2009-12-30 19:23:54 -0800},
date-modified = {2010-04-02 22:00:37 -0700},
pmid = {1907188466125242843related:2wEeI86xdxoJ},
local-url = {file://localhost/Users/mihos/Papers/2004/Barbier_2004_R-parity%20violating%20supersymmetry.pdf},
uri = {papers://AAB25F18-37EE-40DC-8817-B3D0E5BA5C33/Paper/p216},
rating = {0}
}

@article{Litos_thesis,
author = {M Litos}, 
journal = {Ph.D Thesis, Boston University},
title = {A Search for Dinucleon Decay into Kaons using the Super-Kamiokande Water Cherenkov Detector},
affiliation = {Boston University},
year = {2010},
month = {Apr},
date-added = {2010-04-27 16:19:50 -0700},
date-modified = {2010-05-04 14:42:30 -0700},
local-url = {file://localhost/Users/mihos/Papers/2010/Litos_2010_A%20Search%20for%20Dinucleon%20Decay.pdf},
uri = {papers://AAB25F18-37EE-40DC-8817-B3D0E5BA5C33/Paper/p6067},
rating = {0}
}

@article{Back_borexctf_dndk,
author = {H Back and M Balata and A de{\'a}Bari and T Beau and A de{\'a}Bellefon}, 
journal = {Physics Letters B},
title = {New limits on nucleon decays into invisible channels with the BOREXINO counting {\ldots}},
abstract = {The baryon (B) and lepton (L) numbers are considered to be conserved in the Standard Model (SM). 14 However, no symmetry principle underlies these laws, such as, eg, gauge invariance, which guarantees conservation of the electric charge. Many extensions of the },
number = {23},
volume = {563},
year = {2003},
month = {Dec},
date-added = {2010-04-15 08:35:10 -0700},
date-modified = {2010-04-27 15:06:14 -0700},
pmid = {2562717056368344041related:6XurvJWZkCMJ},
URL = {http://linkinghub.elsevier.com/retrieve/pii/S0370269303006361},
local-url = {file://localhost/Users/mihos/Papers/2003/Back_2003_New%20limits%20on%20nucleon%20decays.pdf},
uri = {papers://AAB25F18-37EE-40DC-8817-B3D0E5BA5C33/Paper/p5424},
read = {Yes},
rating = {0}
}

@article{Abe_tau,
author = {K Abe and Y Hayato and T Iida and K Ishihara and J Kameda}, 
journal = {ArXiv preprint hep-ex/0607059v2},
title = {A Measurement of Atmospheric Neutrino Flux Consistent with Tau Neutrino Appearance},
abstract = {K. ,1 Y. ,1 T.Iida,1 K.Ishihara,1 J.Kameda,1 Y.Koshio,1 A.Minamino,1 C.Mitsuda,1 M.Miura,1 S.Moriyama,1 M.Nakahata,1 Y.Obayashi,1 H.Ogawa,1 M.Shiozawa,1 Y.Suzuki,1 A.Takeda,1 Y.Takeuchi,1 K.Ueshima,1 I.Higuchi,2 C.Ishihara,2 M.Ishitsuka,2 T.Kajita,2 K. },
year = {2006},
month = {Dec},
date-added = {2009-12-30 19:23:54 -0800},
date-modified = {2010-04-16 04:19:24 -0700},
URL = {http://cdsweb.cern.ch/record/974695},
local-url = {file://localhost/Users/mihos/Papers/2006/Abe_2006_A%20Measurement%20of%20Atmospheric%20Neutrino.pdf},
uri = {papers://AAB25F18-37EE-40DC-8817-B3D0E5BA5C33/Paper/p219},
rating = {0}
}

@article{Rein_1pi_prod,
author = {Dieter Rein and Lalit M Sehgal}, 
journal = {Annual Physics},
title = {Neutrino Excitation of Baryon Resonances and Single Pion Production},
pages = {79},
volume = {133},
year = {1981},
date-added = {2010-02-28 14:01:05 -0800},
date-modified = {2010-04-11 13:20:38 -0700},
doi = {10.1016/0003-4916(81)90242-6},
URL = {http://www.sciencedirect.com/science?_ob=ArticleURL&_udi=B6WB1-4DDRBYW-2S2&_user=136130&_coverDate=04%252F15%252F1981&_rdoc=1&_fmt=high&_orig=search&_sort=d&_docanchor=&view=c&_acct=C000010979&_version=1&_urlVersion=0&_userid=136130&md5=858c1a854f515100fa2e849499e58609},
local-url = {file://localhost/Users/mihos/Papers/1981/Rein_1981_Neutrino%20Excitation%20of%20Baryon%20Resonances.pdf},
uri = {papers://AAB25F18-37EE-40DC-8817-B3D0E5BA5C33/Paper/p413},
rating = {0}
}

@article{Yang_ann_bdt,
author = {H Yang and B Roe and J Zhu}, 
journal = {Nuclear Instruments and Methods in Physics Research A},
title = {Studies of stability and robustness for artificial neural networks and boosted decision trees},
abstract = {In this paper, we compare the performance, stability and robustness of Artificial Neural Networks (ANN) and  (BDT) using MiniBooNE Monte Carlo samples. These methods attempt to classify events given a number of identification variables. The BDT algorithm },
pages = {342--349},
volume = {574},
year = {2007},
month = {Dec},
date-added = {2010-04-07 12:17:44 -0700},
date-modified = {2010-04-16 04:56:54 -0700},
pmid = {12214783189849939386related:uh1rL5igg6kJ},
URL = {http://linkinghub.elsevier.com/retrieve/pii/S0168900207003889},
local-url = {file://localhost/Users/mihos/Papers/2007/Yang_2007_Studies%20of%20stability%20and%20robustness.pdf},
uri = {papers://AAB25F18-37EE-40DC-8817-B3D0E5BA5C33/Paper/p3197},
rating = {0}
}

@article{Nakahata_dis_SK,
author = {Masayuki Nakahata and others}, 
journal = {Journal of the Physical Society of Japan},
title = {ATMOSPHERIC NEUTRINO BACKGROUND AND PION NUCLEAR EFFECT FOR KAMIOKA NUCLEON DECAY EXPERIMENT},
pages = {3786},
volume = {55},
year = {1986},
date-added = {2010-02-28 14:02:23 -0800},
date-modified = {2011-02-27 20:12:05 -0800},
URL = {http://www.google.com/search?client=safari&rls=en-us&q=ATMOSPHERIC+NEUTRINO+BACKGROUND+AND+PION+NUCLEAR+EFFECT+FOR+KAMIOKA+NUCLEON+DECAY+EXPERIMENT&ie=UTF-8&oe=UTF-8},
local-url = {file://localhost/Users/mihos/Papers/1986/Nakahata_1986_ATMOSPHERIC%20NEUTRINO%20BACKGROUND%20AND%20PION.pdf},
uri = {papers://AAB25F18-37EE-40DC-8817-B3D0E5BA5C33/Paper/p568},
rating = {0}
}

@article{Berger_frejus_nim,
author = {C Berger and A Hofmann and H M{\"o}nch and F Raupach and P Schleper and G Schmitz and J Tutas and B Voigtl{\"a}nder and C Arpesella and Y Benadjal}, 
journal = {Nuclear Instruments and Methods in Physics Research A},
title = {The Frejus nucleon decay detector},
pages = {463--495},
volume = {262},
year = {1987},
date-added = {2009-12-30 19:23:55 -0800},
date-modified = {2010-04-16 04:10:11 -0700},
pmid = {17154776798284155925related:FQzXrpsCEu4J},
local-url = {file://localhost/Users/mihos/Papers/1987/Berger_1987_The%20Frejus%20nucleon%20decay%20detector.pdf},
uri = {papers://AAB25F18-37EE-40DC-8817-B3D0E5BA5C33/Paper/p236},
rating = {0}
}

@article{Oset_nucsim,
author = {L Salcedo and E Oset and M Vicente-Vacas and C Garcia- {\ldots}}, 
journal = {Nuclear Physics A},
title = {Computer simulation of inclusive pion nuclear reactions},
abstract = {We carry out a simultaneous calculation of all inclusive reactions in pion-nucleus scattering in the range T π = 85--350 MeV. The channels considered are, quasielastic, single charge exchange, double charge exchange and absorption. The method combines a },
number = {3-4},
pages = {557--592},
volume = {484},
year = {1988},
month = {Dec},
date-added = {2010-04-11 14:20:49 -0700},
date-modified = {2010-04-16 04:55:56 -0700},
pmid = {12974983331795655747related:Q1xLiphmELQJ},
URL = {http://linkinghub.elsevier.com/retrieve/pii/0375947488903107},
uri = {papers://AAB25F18-37EE-40DC-8817-B3D0E5BA5C33/Paper/p4790},
rating = {0}
}

@article{Bonetti_garg_77,
author = {S Bonetti and G Carnesecchi and D Cavalli and P Negri}, 
journal = {Il Nuovo Cimento A},
title = {Study of quasi-elastic reactions of ν and in gargamelle},
abstract = {Summary. -- The quasi-elastic cross-sections att and da/dq 2 for the reactions 1) n--p and 2) p-t+n have been measured by using the data of the Gargamelle collaboration. 687 events, candidates for reaction 1), and 476 9 events, candidates for the reactions 2), have been used for the },
year = {1977},
month = {Dec},
date-added = {2010-04-08 12:56:31 -0700},
date-modified = {2010-04-16 04:39:57 -0700},
URL = {http://www.springerlink.com/index/32W0G24222360057.pdf},
uri = {papers://AAB25F18-37EE-40DC-8817-B3D0E5BA5C33/Paper/p3914},
rating = {0}
}

@article{Alimonti_borex_nim,
author = {G Alimonti and C Arpesella and H Back and M Balata}, 
journal = {Nuclear Instruments and {\ldots}},
title = {The Borexino detector at the Laboratori Nazionali del Gran Sasso},
abstract = { .  a , C. Arpesella 1 , H. Back c , M. Balata b , D. Bartolomei d , A. de Bellefon e , . Bellini a , J. Benziger f , A  d , c , V. Vyrodov m , B. Williams c , M. Wojcik q , R. Wordel j , M. Wurm k , O. Zaimidoroga n , S. Zavatarelli  , . Zuzel q , o and  . },
year = {2009},
month = {Dec},
date-added = {2010-04-27 13:47:08 -0700},
date-modified = {2010-04-27 13:48:58 -0700},
pmid = {2587781565877685823related:P45xnp-l6SMJ},
URL = {http://linkinghub.elsevier.com/retrieve/pii/S016890020801601X},
local-url = {file://localhost/Users/mihos/Papers/2009/Alimonti_2009_The%20Borexino%20detector%20at%20the.pdf},
uri = {papers://AAB25F18-37EE-40DC-8817-B3D0E5BA5C33/Paper/p5704},
rating = {0}
}

@article{Fechner_protonid,
author = {M Fechner and K Abe and Y Hayato and T Iida and M Ikeda and J Kameda and K Kobayashi and Y Koshio and M Miura and S Moriyama}, 
journal = {Physical Review D},
title = {Kinematic reconstruction of atmospheric neutrino events in a large water Cherenkov detector with proton identification},
number = {11},
pages = {112010},
volume = {79},
year = {2009},
date-added = {2010-02-28 14:01:05 -0800},
date-modified = {2011-03-06 21:21:28 -0800},
pmid = {1045069024778758449related:Mamzs73UgA4J},
local-url = {file://localhost/Users/mihos/Papers/2009/Fechner_2009_Kinematic%20reconstruction%20of%20atmospheric%20neutrino.pdf},
uri = {papers://AAB25F18-37EE-40DC-8817-B3D0E5BA5C33/Paper/p453},
rating = {0}
}

@article{Amsler_pdg,
author = {C Amsler and M Doser and M Antonelli and D Asner and K Babu}, 
journal = {Physics Letters B},
title = {Review of particle physics},
abstract = {This biennial Review summarizes much of particle physics. Using data from previous editions, plus 2778 new measurements from 645 papers, we list, evaluate, and average measured properties of gauge bosons, leptons, quarks, mesons, and baryons. We also summarize },
number = {1},
volume = {667},
year = {2008},
month = {Dec},
date-added = {2010-03-07 12:22:52 -0800},
date-modified = {2010-04-16 04:08:14 -0700},
pmid = {6912949838991190821related:Jespj0C7718J},
URL = {http://linkinghub.elsevier.com/retrieve/pii/S0370269308008435},
uri = {papers://AAB25F18-37EE-40DC-8817-B3D0E5BA5C33/Paper/p870},
rating = {0}
}

@article{Alcaraz_flux,
author = {A Alcaraz and B Alpat and G Ambrosi and H Anderhub and L Ao}, 
journal = {Physics Letters B},
title = {Cosmic protons},
abstract = {In a previous paper [4] we presented the general features of protons in near Earth orbit. Measuring the distribution as a function of energy and latitude enabled us to study the behaviour of the proton flux near Earth. Above the geomagnetic cutoff the observed spectrum can be },
pages = {27--35},
volume = {490},
year = {2000},
month = {Dec},
date-added = {2010-04-02 22:00:57 -0700},
date-modified = {2010-04-16 04:29:55 -0700},
pmid = {10496896228867541502related:_onJVYF3rJEJ},
URL = {http://linkinghub.elsevier.com/retrieve/pii/S0370269300009709},
uri = {papers://AAB25F18-37EE-40DC-8817-B3D0E5BA5C33/Paper/p3005},
rating = {0}
}

@article{Langacker_guts_a,
author = {P Langacker}, 
journal = {Physics Reports},
title = {Grand unified theories},
abstract = {I. Introduction One of the most exciting advances in particle physics in recent years has been the develcpment of grand unified theorieslof the strong, weak, and electro- magnetic interactions. In this talk I discuss the present status of these theo- ries and of thei.r },
volume = {72C},
year = {1981},
month = {Dec},
date-added = {2010-04-15 07:47:39 -0700},
date-modified = {2010-04-16 04:04:23 -0700},
pmid = {15092588240955355682related:IrJhiwqlc9EJ},
URL = {http://lss.fnal.gov/conf/C810824/p823.pdf},
local-url = {file://localhost/Users/mihos/Papers/1981/Langacker_1981_Grand%20unified%20theories.pdf},
uri = {papers://AAB25F18-37EE-40DC-8817-B3D0E5BA5C33/Paper/p5126},
read = {Yes},
rating = {0}
}

@article{Barr_atmnu_flux,
author = {G D Barr and T K Gaisser and P Lipari and Simon Robbins and T Stanev}, 
journal = {Physical Review D},
title = {A three-dimensional calculation of atmospheric neutrinos},
pages = {023006},
volume = {D70},
year = {2004},
date-added = {2010-02-28 14:01:05 -0800},
date-modified = {2010-04-02 22:00:37 -0700},
doi = {10.1103/PhysRevD.70.023006},
URL = {http://prd.aps.org/abstract/PRD/v70/i2/e023006},
uri = {papers://AAB25F18-37EE-40DC-8817-B3D0E5BA5C33/Paper/p486},
rating = {0}
}

@article{Chun_rpv_nu_osc,
author = {E Jin Chun and J Sik Lee}, 
journal = {Physical Review D},
title = {Implication of Super-Kamiokande data on R-parity violation},
abstract = { 312 , 113 , and 123 as given in Table I. There, the normalization factors w,y,z are given by 075006-4 IMPLICATION OF - DATA ON R- . . . TABLE I. Constraints on i jk obtained by combining the   limits and the - neutrino data. },
year = {1999},
month = {Dec},
date-added = {2010-02-28 15:57:40 -0800},
date-modified = {2010-04-02 22:00:37 -0700},
pmid = {554946167322718549related:VTG8VJmQswcJ},
URL = {http://link.aps.org/doi/10.1103/PhysRevD.60.075006},
local-url = {file://localhost/Users/mihos/Papers/1999/Jin%20Chun_1999_Implication%20of%20Super-Kamiokande%20data%20on.pdf},
uri = {papers://AAB25F18-37EE-40DC-8817-B3D0E5BA5C33/Paper/p627},
rating = {0}
}

@article{Zeitnitz_GEANT_CALOR,
author = {C Zeitnitz and T A Gabriel}, 
journal = {Nuclear Instruments and Methods in Physics Research},
title = {The GEANT - CALOR interface and benchmark calculations of ZEUS test calorimeters},
pages = {106--111},
volume = {A349},
year = {1994},
date-added = {2010-02-28 14:01:05 -0800},
date-modified = {2010-04-02 22:00:37 -0700},
doi = {10.1016/0168-9002(94)90613-0},
uri = {papers://AAB25F18-37EE-40DC-8817-B3D0E5BA5C33/Paper/p375},
rating = {0}
}

@article{Barbieri_rpv_ppkk,
author = {A Barbieri and A Masiero}, 
journal = {Nuclear Physics B},
title = {Supersymmetric models with low-energy baryon number violation},
abstract = { . , A.  Supersymmetric models 689 We thank L. Maiani who has discussed with us the issues contained in this paper until we discovered two papers (refs. [l, 2]) already existing on this subject.  Full Text via CrossRef . Bernstein et al. . Rev. Lett. },
pages = {679--689},
volume = {267},
year = {1986},
month = {Dec},
date-added = {2010-02-28 18:31:48 -0800},
date-modified = {2010-04-16 04:14:11 -0700},
pmid = {314642015016702572related:bNJ74D7VXQQJ},
URL = {http://linkinghub.elsevier.com/retrieve/pii/0550321386901367},
local-url = {file://localhost/Users/mihos/Papers/1986/Barbieri_1986_Supersymmetric%20models%20with%20low-energy%20baryon.pdf},
uri = {papers://AAB25F18-37EE-40DC-8817-B3D0E5BA5C33/Paper/p663},
read = {Yes},
rating = {0}
}

@article{Kartavtsev_cohpi,
author = {A Kartavtsev and E Paschos and G Gounaris}, 
journal = {Physical Review D},
title = {Coherent pion production by neutrino scattering off nuclei},
abstract = {The main part of coherent pion production by neutrinos on nuclei is essentially determined by partial conservation of the axial current (PCAC), provided that the leptonic momentum transferred square Q 2 remains sufficiently small. We give the formulas for the charged and neutral },
year = {2006},
month = {Dec},
date-added = {2010-04-08 13:17:38 -0700},
date-modified = {2010-04-08 13:17:54 -0700},
URL = {http://link.aps.org/doi/10.1103/PhysRevD.74.054007},
uri = {papers://AAB25F18-37EE-40DC-8817-B3D0E5BA5C33/Paper/p4239},
rating = {0}
}

@article{Hayato_NEUT,
author = {Y Hayato}, 
journal = {Nuclear Physics Proceedings Supplements},
title = {NEUT},
pages = {171--176},
volume = {112},
year = {2002},
date-added = {2010-02-28 14:01:05 -0800},
date-modified = {2010-04-02 22:00:36 -0700},
doi = {10.1016/S0920-5632(02)01759-0},
uri = {papers://AAB25F18-37EE-40DC-8817-B3D0E5BA5C33/Paper/p448},
rating = {0}
}

@article{Goossens_geant,
author = {M Goossens and C Geneva}, 
journal = {cdsweb.cern.ch},
title = {GEANT: Detector Description and Simulation Tool, long writeup W5013},
abstract = { Book. Title,  : Detector Description and Simulation Tool,   . Edition, March 1994. Author(s), Goossens, Michel ( ). Corporate author(s), . Geneva. Imprint, Geneva : , 1993. - 467 p. Series, (   ). },
year = {1993},
month = {Dec},
date-added = {2010-04-08 13:43:26 -0700},
date-modified = {2010-04-08 13:43:45 -0700},
pmid = {16133504194532967354related:uoNpAZa45d8J},
URL = {http://cdsweb.cern.ch/record/1073159},
uri = {papers://AAB25F18-37EE-40DC-8817-B3D0E5BA5C33/Paper/p4531},
rating = {0}
}

@article{Bednyakov_rpv_nu_osc,
author = {V Bednyakov and A Faessler and S Kovalenko}, 
journal = {Physics Letters B},
title = {Super-Kamiokande constraints on R-parity violating supersymmetry},
abstract = { Previously, before the - data have been published, 0νββ- experiments provided the best limits of this type [11].  Summation over the generations is implied. To prevent fast   it is a common practice to set λ′′=Λ′′=0. },
year = {1998},
month = {Dec},
date-added = {2010-02-28 15:55:59 -0800},
date-modified = {2010-04-02 22:00:37 -0700},
pmid = {3692718002120830847related:fy8aRHUrPzMJ},
URL = {http://linkinghub.elsevier.com/retrieve/pii/S037026939801209X},
local-url = {file://localhost/Users/mihos/Papers/1998/Bednyakov_1998_Super-Kamiokande%20constraints%20on%20R-parity%20violating.pdf},
uri = {papers://AAB25F18-37EE-40DC-8817-B3D0E5BA5C33/Paper/p636},
rating = {0}
}

@article{Sakharov_baryogenesis,
author = {AD Sakharov}, 
journal = {Physics-Uspekhi},
title = {Violation of CP in variance, C asymmetry, and baryon asymmetry of the universe},
number = {5},
pages = {392--393},
volume = {34},
year = {1991},
date-added = {2009-12-30 19:23:52 -0800},
date-modified = {2010-04-02 22:00:37 -0700},
pmid = {3149111200886034268related:XA8E1_PjsysJ},
URL = {http://www.google.com/search?client=safari&rls=en-us&q=Violation+of+CP+in+variance,+C+asymmetry,+and+baryon+asymmetry+of+the+universe&ie=UTF-8&oe=UTF-8},
local-url = {file://localhost/Users/mihos/Papers/1991/Sakharov_1991_Violation%20of%20CP%20in%20variance.pdf},
uri = {papers://AAB25F18-37EE-40DC-8817-B3D0E5BA5C33/Paper/p224},
rating = {0}
}

@article{Musset_dis_nc_garg,
author = {P Musset and J P Vialle}, 
journal = {Physics Reports},
title = {NEUTRINO PHYSICS WITH GARGAMELLE},
pages = {1--130},
volume = {39},
year = {1978},
date-added = {2010-02-28 14:02:23 -0800},
date-modified = {2010-04-02 22:00:36 -0700},
uri = {papers://AAB25F18-37EE-40DC-8817-B3D0E5BA5C33/Paper/p564},
rating = {0}
}

@article{imb_nim,
author = {R Becker-Szendy and others}, 
journal = {Nuclear Instruments and Methods in Physics Research},
title = {IMB-3: A Large water Cherenkov detector for nucleon decay and neutrino interactions},
pages = {363--382},
volume = {A324},
year = {1993},
date-added = {2010-02-28 14:01:05 -0800},
date-modified = {2010-04-02 22:00:37 -0700},
doi = {10.1016/0168-9002(93)90998-W},
uri = {papers://AAB25F18-37EE-40DC-8817-B3D0E5BA5C33/Paper/p518},
rating = {0}
}

@article{Raychaudhuri_rpv_colliders,
author = {S Raychaudhuri}, 
journal = {Arxiv preprint hep-ph/9905576},
title = {Trilinear R-parity violation: Theory to experiment},
year = {1999},
date-added = {2009-12-30 19:23:55 -0800},
date-modified = {2010-04-02 22:00:37 -0700},
pmid = {8358692099270579716related:BBbjky0KAHQJ},
local-url = {file://localhost/Users/mihos/Papers/1999/Raychaudhuri_1999_Trilinear%20R-parity%20violation%20Theory%20to.pdf},
uri = {papers://AAB25F18-37EE-40DC-8817-B3D0E5BA5C33/Paper/p211},
rating = {0}
}

@article{Kawamura_flux,
author = {Y Kawamura and H Matsutani and H Nanjyo and K Teraoka}, 
journal = {Physical Review D},
title = {" Quasidirect" observations of cosmic-ray primaries in the energy region{\ldots}},
abstract = {We have exposed an emulsion chamber at a level of 32.8 g/cm 2 for ∼30 h, and detected ∼800 showers on x-ray films (Fuji No. 200 type). Among these, ∼200 primaries (ΣE γ ≥2 TeV, θ<75$\,^{\circ}$) were identified by tracing back through successive plates of nuclear },
pages = {729},
volume = {40},
year = {1989},
month = {Dec},
date-added = {2010-04-02 21:35:19 -0700},
date-modified = {2010-04-16 04:34:13 -0700},
URL = {http://link.aps.org/doi/10.1103/PhysRevD.40.729},
uri = {papers://AAB25F18-37EE-40DC-8817-B3D0E5BA5C33/Paper/p2352},
rating = {0}
}

@article{Ivanenko_flux,
author = {I Ivanenko and VY Shestoperov}, 
journal = {International Cosmic Ray Conference},
title = {Energy Spectra of Cosmic Rays above 2 TeV as Measured by the...},
abstract = {Title: Energy Spectra of   above 2 TeV as Measured by the 'SOKOL' Apparatus. Authors: , ; Shestoperov, V. Ya.; et al. Publication: 23rd   , Vol. 2, held 19-30 July, 1993 at University of Calgary, Alberta, Canada. },
volume = {2},
year = {1993},
month = {Dec},
date-added = {2010-04-02 21:29:40 -0700},
date-modified = {2010-04-16 05:09:01 -0700},
pmid = {11346848249503012015related:r9TjX10aeJ0J},
URL = {http://adsabs.harvard.edu/abs/1993ICRC....2...17I},
uri = {papers://AAB25F18-37EE-40DC-8817-B3D0E5BA5C33/Paper/p1883},
rating = {0}
}

@article{Derrick_dis_FNAL,
author = {M Derrick and others}, 
journal = {Physical Review},
title = {PROPERTIES OF THE HADRONIC SYSTEM RESULTING FROM anti-muon- neutrino p INTERACTIONS},
pages = {1},
volume = {D17},
year = {1978},
date-added = {2010-02-28 14:02:23 -0800},
date-modified = {2010-04-02 22:00:37 -0700},
uri = {papers://AAB25F18-37EE-40DC-8817-B3D0E5BA5C33/Paper/p570},
rating = {0}
}

@article{Hocker_TMVA,
author = {A Hocker and P Speckmayer and J Stelzer and F Tegenfeldt and H Voss and K Voss and A Christov and S Henrot-Versille and M Jachowski and A Krasznahorkay Jr}, 
journal = {Arxiv preprint physics/0703039},
title = {TMVA-Toolkit for Multivariate Data Analysis},
year = {2007},
date-added = {2009-12-30 19:23:52 -0800},
date-modified = {2010-04-02 22:00:36 -0700},
pmid = {17115926907561423196related:XLG_ntb8h-0J},
local-url = {file://localhost/Users/mihos/Papers/2007/Hocker_2007_TMVA-Toolkit%20for%20Multivariate%20Data%20Analysis.pdf},
uri = {papers://AAB25F18-37EE-40DC-8817-B3D0E5BA5C33/Paper/p235},
rating = {0}
}

@article{Vovenko_bnl,
author = {A Vovenko and A Volkov and V Zhigunov}, 
journal = {Soviet Journal of Nuclear Physics},
title = {Energy dependence of the total interaction cross sections of neutrinos and {\ldots}},
abstract = {A further analysis is made of the experimental data obtained in the IHEP--ITEP neutrino experiment at the Serpukhov accelerator.^Energy dependences are obtained for the behavior of the total interaction cross sections of neutrinos and antineutrinos with nucleons in the charged- },
year = {1979},
month = {Dec},
date-added = {2010-04-08 13:04:44 -0700},
date-modified = {2010-04-16 04:43:15 -0700},
URL = {http://www.osti.gov/energycitations/product.biblio.jsp?osti_id=5294348},
uri = {papers://AAB25F18-37EE-40DC-8817-B3D0E5BA5C33/Paper/p4144},
rating = {0}
}

@article{Martin_susy,
author = {SP Martin}, 
journal = {Arxiv preprint hep-ph/9709356},
title = {A supersymmetry primer},
year = {1997},
date-added = {2009-12-30 19:23:55 -0800},
date-modified = {2010-04-15 20:11:21 -0700},
pmid = {393466861303543532related:7LbikgbgdQUJ},
local-url = {file://localhost/Users/mihos/Papers/1997/Martin_1997_A%20supersymmetry%20primer.pdf},
uri = {papers://AAB25F18-37EE-40DC-8817-B3D0E5BA5C33/Paper/p213},
rating = {0}
}

@article{Hof_flux,
author = {M Hof and M Bremerich and H G{\"o}bel and T Hams and W Menn}, 
journal = {Nuclear Instruments and Methods in Physics Research A},
title = {ISOMAX: a balloon-borne instrument to measure cosmic ray isotopes},
abstract = { The tracking system [8] is based on a drift chamber design developed for the  instrument [9]. The three modules are separated by two spacers giving a total height of the tracking system of 150 cm.  3, 1999, p. 113. 5. O. Reimer et al., . ., 496 (1998) 490. },
number = {1},
pages = {180--185},
volume = {454},
year = {2000},
month = {Dec},
date-added = {2010-04-02 21:17:22 -0700},
date-modified = {2010-04-16 04:27:32 -0700},
pmid = {17967863426123077132related:DJbMlpasWvkJ},
URL = {http://linkinghub.elsevier.com/retrieve/pii/S0168900200008238},
uri = {papers://AAB25F18-37EE-40DC-8817-B3D0E5BA5C33/Paper/p1413},
rating = {0}
}

@article{Georgi_su5,
author = {H Georgi and S L Glashow}, 
journal = {Physical Review Letters},
title = {UNITY OF ALL ELEMENTARY PARTICLE FORCES},
pages = {438--441},
volume = {32},
year = {1974},
date-added = {2010-02-28 14:02:23 -0800},
date-modified = {2010-04-15 15:30:11 -0700},
URL = {http://www.google.com/search?client=safari&rls=en-us&q=UNITY+OF+ALL+ELEMENTARY+PARTICLE+FORCES&ie=UTF-8&oe=UTF-8},
local-url = {file://localhost/Users/mihos/Papers/1974/Georgi_1974_UNITY%20OF%20ALL%20ELEMENTARY%20PARTICLE.pdf},
uri = {papers://AAB25F18-37EE-40DC-8817-B3D0E5BA5C33/Paper/p599},
rating = {0}
}

@article{Pohl_garg_79a,
author = {M Pohl and M Dewit and D Haidt and C Matteuzzi}, 
journal = {Il Nuovo Cimento A},
title = {Experimental study of the reaction Νn→ Μ-p},
abstract = {Page 1. LETTERE AL   VOL. 26, . 11 10 Novembre 1979  (2,3)) and heavy liquids (ref. (4,5)). In the present experiment (ref. ())  filled with a light propane- ffeon mixture was exposed to the CERN-PS neutrino beam. },
number = {11},
volume = {26},
year = {1979},
month = {Dec},
date-added = {2010-04-08 13:00:22 -0700},
date-modified = {2010-04-16 04:41:37 -0700},
URL = {http://www.springerlink.com/index/T6237772140H262R.pdf},
uri = {papers://AAB25F18-37EE-40DC-8817-B3D0E5BA5C33/Paper/p4097},
rating = {0}
}

@article{Raaf_cohpi_miniboone,
author = {J Raaf{\ldots}}, 
journal = {Nuclear Physics B-Proceedings Supplements},
title = {Neutral Current [pi] 0 Interactions at MiniBooNE},
abstract = {MiniBooNE, the Mini Booster Neutrino Experiment at Fermilab, will search for the appearance of electron neutrinos in a beam of muon neutrinos, and in the process will accumulate more neutrino interactions in the 0 − 2 GeV energy range than all past experiments. This work presents },
year = {2005},
month = {Dec},
date-added = {2010-04-08 13:25:26 -0700},
date-modified = {2010-04-08 13:26:34 -0700},
pmid = {14014054407310482066related:khq92jvse8IJ},
URL = {http://linkinghub.elsevier.com/retrieve/pii/S0920563204008849},
local-url = {file://localhost/Users/mihos/Papers/2005/Raaf%E2%80%A6_2005_Neutral%20Current%20%5Bpi%5D%200%20Interactions.pdf},
uri = {papers://AAB25F18-37EE-40DC-8817-B3D0E5BA5C33/Paper/p4362},
rating = {0}
}

@article{Barlag_dis_fwd_back,
author = {S Barlag and others}, 
journal = {Zeitschrift fur Physik},
title = {CHARGED HADRON MULTIPLICITIES IN HIGH-ENERGY anti-muon neutrino n AND anti-muon neutrino p INTERACTIONS},
pages = {283},
volume = {C11},
year = {1982},
date-added = {2010-02-28 14:02:07 -0800},
date-modified = {2010-04-02 22:00:37 -0700},
uri = {papers://AAB25F18-37EE-40DC-8817-B3D0E5BA5C33/Paper/p580},
rating = {0}
}

@article{Gabriel_CALOR,
author = {T A Gabriel and J E Brau and B L Bishop}, 
journal = {IEEE Transactions on Nuclear Science},
title = {THE PHYSICS OF COMPENSATING CALORIMETRY AND THE NEW CALOR89 CODE SYSTEM},
pages = {14--22},
volume = {36},
year = {1989},
date-added = {2010-02-28 14:02:23 -0800},
date-modified = {2010-04-02 22:00:37 -0700},
uri = {papers://AAB25F18-37EE-40DC-8817-B3D0E5BA5C33/Paper/p543},
rating = {0}
}

@article{Asakimori_flux,
author = {K Asakimori and T Burnett and M Cherry and K Chevli}, 
journal = {The Astrophysical Journal},
title = {Cosmic-Ray Proton and Helium Spectra},
abstract = { Anand, KC, et al. 1968, Canad. . Phys., 46, 5652 First citation in article | Order from Infotrieve; , ., et al. 1991, Proc. 22d Int.  (Plovdiv), 11, 155 First citation in article; Biermann, PL 1993, Astron. ., 271, 649; PL Biermann {\&} JP Cassinelli, 1993, Astron. },
pages = {985--988},
volume = {28},
year = {1998},
month = {Dec},
date-added = {2010-04-02 21:28:24 -0700},
date-modified = {2010-04-16 05:08:07 -0700},
pmid = {14133937368171348594related:cgJ5yybVJcQJ},
URL = {http://www.iop.org/EJ/abstract/0004-637X/502/1/278},
uri = {papers://AAB25F18-37EE-40DC-8817-B3D0E5BA5C33/Paper/p1815},
rating = {0}
}

@article{Hanssgen_nucrin,
author = {K H{\"a}nssgen and J Ranft}, 
journal = {Computational Physics Communications},
title = {Monte Carlo code NUCRIN to simulate inelastic hadron-nucleus interactions at {\ldots}},
abstract = {Monte Carlo code  to simulate inelastic hadron-nucleus interactions at laboratory energies below 5 GeV. K Haenssgen, J  COMP. PHYS. COMMUN. 39:11, 53-70, 1986. The inelastic interaction of a high energy hadron with a nucleus is simulated. },
number = {11},
pages = {53--70},
volume = {39},
year = {1986},
month = {Dec},
date-added = {2010-04-08 12:40:10 -0700},
date-modified = {2010-04-16 04:35:28 -0700},
pmid = {7510888994776347081related:yfEIEb8JPGgJ},
URL = {http://www.csa.com/partners/viewrecord.php?requester=gs&collection=TRD&recid=1347885CI},
uri = {papers://AAB25F18-37EE-40DC-8817-B3D0E5BA5C33/Paper/p3259},
rating = {0}
}

@article{Yang_miniboone_bdt,
author = {H Yang and B Roe and J Zhu}, 
journal = {Nuclear Instruments and Methods in Physics Research A},
title = {Studies of boosted decision trees for MiniBooNE particle identification},
abstract = {In High Energy Physics (HEP) experiments, people usually need to select some events with specific interest, so called signal events, out of numerous background events for study. In order to increase the ratio of signal to background, one needs to suppress background events while },
pages = {370--385},
volume = {555},
year = {2005},
month = {Dec},
date-added = {2010-04-07 12:16:41 -0700},
date-modified = {2010-04-16 04:57:21 -0700},
pmid = {7291490782301704799related:X9IgCjyUMGUJ},
URL = {http://linkinghub.elsevier.com/retrieve/pii/S0168900205018322},
local-url = {file://localhost/Users/mihos/Papers/2005/Yang_2005_Studies%20of%20boosted%20decision%20trees.pdf},
uri = {papers://AAB25F18-37EE-40DC-8817-B3D0E5BA5C33/Paper/p3171},
rating = {0}
}

@article{Barish_anl,
author = {S Barish and J Campbell and G Charlton and Y Cho and M Derrick}, 
journal = {Physical Review D},
title = {Description of the experiment and study of the reaction ν + d→ μ- + p + ps},
abstract = {This paper gives a detailed description of an experiment which studies the interactions of muon-type neutrinos in hydrogen and deuterium. The experiment was performed at the Zero Gradient Synchrotron using the wide-band neutrino beam incident on the Argonne },
pages = {3103},
volume = {16},
year = {1977},
month = {Dec},
date-added = {2010-04-08 12:54:17 -0700},
date-modified = {2010-04-16 04:38:24 -0700},
pmid = {8195286456004801012related:9HG8epyBu3EJ},
URL = {http://link.aps.org/doi/10.1103/PhysRevD.16.3103},
uri = {papers://AAB25F18-37EE-40DC-8817-B3D0E5BA5C33/Paper/p3747},
rating = {0}
}

@article{Belikov_serpukhov,
author = {S Belikov and A Bygorsky and L Klimenko}, 
journal = {Zeitschrift f{\"u}r Physik A},
title = {Quasielastic neutrino and antineutrino scattering total cross-sections, axial-vector {\ldots}},
abstract = {Zeitsehrift A 4"i"~"~ for Physik A /'%lX.,tl II~ and Nuclei  Quasielastic Neutrino and Antineutrino Scattering Total Cross-Sections, Axial-Vector Form-Factor  SV , AP Bygorsky, LA Klimenko, VI Kochetkov, VI Kurbakov, AI Mukhin, VF Perelygin, KE Shestermanov, Yu.M. },
year = {1985},
month = {Dec},
date-added = {2010-04-08 13:07:09 -0700},
date-modified = {2010-04-16 04:44:24 -0700},
pmid = {15815302836660871675related:-yFmCiM-e9sJ},
URL = {http://www.springerlink.com/index/G3311316Q7821016.pdf},
uri = {papers://AAB25F18-37EE-40DC-8817-B3D0E5BA5C33/Paper/p4165},
rating = {0}
}

@article{Roesler_dpmjet3,
author = {S Roesler and R Engel and J Ranft}, 
journal = {Physical Review D},
title = {Photoproduction off nuclei: Particle and jet production},
abstract = {High energy multiparticle photoproduction off nuclear targets is studied. The photon is assumed to interact in direct scattering processes or as a resolved qq̅ state according to the generalized vector dominance model. In the description of resolved interactions multiple soft and hard },
pages = {2889--2902},
volume = {57},
year = {1998},
month = {Dec},
date-added = {2010-04-08 12:43:14 -0700},
date-modified = {2010-04-16 04:36:39 -0700},
pmid = {9271906712777228669related:fYGl1QdurIAJ},
URL = {http://link.aps.org/doi/10.1103/PhysRevD.57.2889},
uri = {papers://AAB25F18-37EE-40DC-8817-B3D0E5BA5C33/Paper/p3506},
rating = {0}
}

@article{Kim_dis_nc_review,
author = {Jihn E Kim and Paul Langacker and M Levine and H H Williams}, 
journal = {Reviews of Modern Physics},
title = {A THEORETICAL AND EXPERIMENTAL REVIEW OF THE WEAK NEUTRAL CURRENT: A DETERMINATION OF ITS STRUCTURE AND LIMITS ON DEVIATIONS FROM THE MINIMAL SU(2)-L x U(1) ELECTROWEAK THEORY},
pages = {211},
volume = {53},
year = {1981},
date-added = {2010-02-28 14:02:23 -0800},
date-modified = {2010-04-02 22:00:36 -0700},
URL = {http://www.google.com/search?client=safari&rls=en-us&q=A+THEORETICAL+AND+EXPERIMENTAL+REVIEW+OF+THE+WEAK+NEUTRAL+CURRENT:+A+DETERMINATION+OF+ITS+STRUCTURE+AND+LIMITS+ON+DEVIATIONS+FROM+THE+MINIMAL+SU(2)-L+x+U(1)+ELECTROWEAK+THEORY&ie=UTF-8&oe=UTF-8},
uri = {papers://AAB25F18-37EE-40DC-8817-B3D0E5BA5C33/Paper/p532},
rating = {0}
}

@article{Battistoni_atmnu_flux,
author = {G Battistoni and A Ferrari and T Montaruli and P R Sala}, 
journal = {Arxiv preprint hep-ph/0305208v1},
title = {High energy extension of the FLUKA atmospheric neutrino flux},
year = {2003},
date-added = {2010-02-28 14:02:19 -0800},
date-modified = {2010-04-16 04:37:49 -0700},
URL = {http://www.google.com/search?client=safari&rls=en-us&q=High+energy+extension+of+the+FLUKA+atmospheric+neutrino+flux&ie=UTF-8&oe=UTF-8},
uri = {papers://AAB25F18-37EE-40DC-8817-B3D0E5BA5C33/Paper/p586},
rating = {0}
}

@article{Hasegawa_cohpi_K2K,
author = {M Hasegawa and others}, 
journal = {Physical Review Lett.},
title = {Search for coherent charged pion production in neutrino carbon interactions},
pages = {252301},
volume = {95},
year = {2005},
date-added = {2010-02-28 14:01:05 -0800},
date-modified = {2010-04-02 22:00:36 -0700},
doi = {10.1103/PhysRevLett.95.252301},
uri = {papers://AAB25F18-37EE-40DC-8817-B3D0E5BA5C33/Paper/p478},
rating = {0}
}

@article{Bernabei_dama_nim,
author = {R Bernabei and P Belli and A Bussolotti}, 
journal = {{\ldots} and Methods in {\ldots}},
title = {The liquid xenon set-up of the DAMA experiment},
abstract = {Preliminary results were achieved both on elastic and inelastic WIMP- 129 Xe scattering [4 and 5] by using  gas enriched at 99.5% in 129 Xe. The response of a similar pure LXe scintillator to recoil nuclei as well as its pulse shape discrimination capability have also been },
year = {2002},
month = {Dec},
date-added = {2010-04-27 14:57:21 -0700},
date-modified = {2010-04-27 14:57:37 -0700},
pmid = {5738015055796356575related:38WVvEqGoU8J},
URL = {http://cdsweb.cern.ch/ejournals.py?publication=Nucl.+Instrum.+Methods+Phys.+Res.,+A&volume=482&year=2002&page=728},
local-url = {file://localhost/Users/mihos/Papers/2002/Bernabei_2002_The%20liquid%20xenon%20set-up%20of.pdf},
uri = {papers://AAB25F18-37EE-40DC-8817-B3D0E5BA5C33/Paper/p5924},
rating = {0}
}

@article{Fukuda_sk_nim,
author = {S Fukuda and Y Fukuda and T Hayakawa and E Ichihara and M Ishitsuka and Y Itow and T Kajita and J Kameda and K Kaneyuki and S Kasuga}, 
journal = {Nuclear Inst. and Methods in Physics Research, A},
title = {The super-kamiokande detector},
number = {2-3},
pages = {418--462},
volume = {501},
year = {2003},
date-added = {2010-01-22 09:43:56 -0800},
date-modified = {2010-04-02 22:00:37 -0700},
pmid = {627645989282333120related:wEHfq7PYtQgJ},
local-url = {file://localhost/Users/mihos/Papers/2003/Fukuda_2003_The%20super-kamiokande%20detector.pdf},
uri = {papers://AAB25F18-37EE-40DC-8817-B3D0E5BA5C33/Paper/p242},
read = {Yes},
rating = {0}
}

@article{Sanuki_flux,
author = {T Sanuki and M Motoki and H Matsumoto and E Seo}, 
journal = {Arxiv preprint astro-ph/0002481},
title = {Precise measurement of cosmic-ray proton and helium spectra with the BESS {\ldots}},
abstract = {The absolute fluxes and spectra of primary cosmic-ray protons and helium nuclei are funda- mental information as references in cosmic-ray physics. They are needed to calculate secondary anti-protons, positrons, and diffuse gamma radiation, which in turn provide important },
year = {2000},
month = {Dec},
date-added = {2010-04-02 21:58:36 -0700},
date-modified = {2010-04-16 04:28:24 -0700},
pmid = {7604329327749409935related:j6yW7zsBiGkJ},
URL = {http://arxiv.org/abs/astro-ph/0002481},
uri = {papers://AAB25F18-37EE-40DC-8817-B3D0E5BA5C33/Paper/p2985},
rating = {0}
}

@article{Ashie_atmnu_osc_sk1,
author = {Y Ashie and J Hosaka and K Ishihara and Y Itow and J Kameda and Y Koshio and A Minamino and C Mitsuda and M Miura and S Moriyama}, 
journal = {Physical Review D},
title = {Measurement of atmospheric neutrino oscillation parameters by Super-Kamiokande I},
number = {11},
pages = {112005},
volume = {71},
year = {2005},
date-added = {2009-12-30 19:23:52 -0800},
date-modified = {2010-04-02 22:00:36 -0700},
pmid = {3697743456246867555related:Y6Ye_BQGUTMJ},
local-url = {file://localhost/Users/mihos/Papers/2005/Ashie_2005_Measurement%20of%20atmospheric%20neutrino%20oscillation.pdf},
uri = {papers://AAB25F18-37EE-40DC-8817-B3D0E5BA5C33/Paper/p222},
read = {Yes},
rating = {0}
}

@article{Nishino_pdk,
author = {Nishino and S Clark and K Abe and Y Hayato and T Iida and M Ikeda {\ldots}}, 
journal = {Physical Review Letters},
title = {Search for Proton Decay via {p → e+ π0 and p→ μ+ π0} in a Large Water {\ldots}},
abstract = {We have searched for  via p → e + π 0 and p → μ + π 0 using data from a 91.7 kt · yr exposure of Super-Kamiokande-I and a 49.2 kt · yr exposure of Super-Kamiokande-II. No candidate events were observed with expected backgrounds induced by atmospheric },
number = {141801},
volume = {102},
year = {2009},
month = {Dec},
date-added = {2009-12-30 19:23:52 -0800},
date-modified = {2010-04-16 04:02:47 -0700},
URL = {http://cat.inist.fr/?aModele=afficheN&cpsidt=21422930},
local-url = {file://localhost/Users/mihos/Papers/2009/Nishino_2009_Search%20for%20Proton%20Decay%20via-1.pdf},
uri = {papers://AAB25F18-37EE-40DC-8817-B3D0E5BA5C33/Paper/p240},
read = {Yes},
rating = {0}
}

@article{Rosiek_susy_L,
author = {J Rosiek}, 
journal = {Physical Review D},
title = {Complete set of Feynman rules for the minimal supersymmetric extension of the standard model},
number = {11},
pages = {3464--3501},
volume = {41},
year = {1990},
date-added = {2010-04-15 20:35:56 -0700},
date-modified = {2010-04-15 20:36:54 -0700},
pmid = {5578438279865788436related:FGjXSA-Yak0J},
local-url = {file://localhost/Users/mihos/Papers/1990/Rosiek_1990_Complete%20set%20of%20Feynman%20rules.pdf},
uri = {papers://AAB25F18-37EE-40DC-8817-B3D0E5BA5C33/Paper/p5639},
rating = {0}
}

@article{Abazov_bdt,
author = {VM Abazov and B Abbott and M Abolins and BS Acharya and M Adams and T Adams and E Aguilo and SH Ahn and M Ahsan and GD Alexeev}, 
journal = {Physical review letters},
title = {Evidence for Production of Single Top Quarks and First Direct Measurement of |Vtb|},
number = {18},
pages = {181802},
volume = {98},
year = {2007},
date-added = {2009-12-30 19:23:52 -0800},
date-modified = {2010-04-07 12:34:34 -0700},
pmid = {14059614580377484364related:THxNRvjIHcMJ},
local-url = {file://localhost/Users/mihos/Papers/2007/Abazov_2007_Evidence%20for%20Production%20of%20Single.pdf},
uri = {papers://AAB25F18-37EE-40DC-8817-B3D0E5BA5C33/Paper/p220},
rating = {0}
}

@article{Alvioli:2010p7722,
author = {M Alvioli and O Benhar and M Ericson and M Strikman}, 
journal = {Phys. Rev. C},
title = {Proton decay and nuclear dynamics},
abstract = {},
number = {4},
pages = {041602},
volume = {81},
year = {2010},
month = {Apr},
date-added = {2011-02-26 18:45:58 -0800},
date-modified = {2011-02-26 18:45:58 -0800},
doi = {10.1103/PhysRevC.81.041602},
local-url = {file://localhost/Users/mihos/Papers/2010/Alvioli_2010_Proton%20decay%20and%20nuclear%20dynamics.pdf},
uri = {papers://AAB25F18-37EE-40DC-8817-B3D0E5BA5C33/Paper/p7722},
rating = {0}
}

@article{Seo_flux,
author = {E Seo and J Ormes and R Streitmatter}, 
journal = {The Astrophysical Journal},
title = {Measurement of cosmic-ray proton and helium spectra during the 1987 {\ldots}},
abstract = {Authors: , ; Ormes, JF; Streitmatter, RE; Stochaj, SJ; Jones, WV; Stephens, SA; Bowen, T.  P s tiv ui 1661 U OT i T66T 'ZLL-E9L: 8L 'IVN 'IVDISAHdrnLLSV   .  378 {\copyright} American Astronomical Society * Provided by the NASA  Data System proton spectra },
pages = {7365},
volume = {378},
year = {1991},
month = {Dec},
date-added = {2010-04-02 21:07:14 -0700},
date-modified = {2010-04-16 04:24:24 -0700},
pmid = {14630450028457740552related:CMlTEsnMCcsJ},
URL = {http://adsabs.harvard.edu/full/1991ApJ...378..763S},
uri = {papers://AAB25F18-37EE-40DC-8817-B3D0E5BA5C33/Paper/p1009},
rating = {0}
}

@article{Nishino_thesis,
author = {H Nishino}, 
journal = {Ph.D. Thesis, University of Tokyo},
title = {Search for Nucleon Decay into Charged Antilepton plus Meson in Super-Kamiokande},
affiliation = {University of Tokyo ICRR},
year = {2009},
month = {Jan},
language = {english},
date-added = {2009-12-30 19:23:54 -0800},
date-modified = {2010-04-16 04:21:52 -0700},
local-url = {file://localhost/Users/mihos/Papers/2009/Nishino_2009_Search%20for%20Nucleon%20Decay%20into.pdf},
uri = {papers://AAB25F18-37EE-40DC-8817-B3D0E5BA5C33/Paper/p223},
read = {Yes},
rating = {0}
}

@article{Nakamura_p_wavefuncs,
author = {K Nakamura and S Hiramatsu and T Kamae}, 
journal = {Nuclear Physics A},
title = {The reaction 12C (e, e′ p) at 700 MeV and DWIA analysis},
abstract = {  Physics A Volume , Issue 3, 21 September 1976, Pages 381-407. Font Size: Decrease Font Size Increase Font Size.  .  a , S. Hiramatsu a , T. Kamae a , H. Muramatsu †† , a , N. Izutsu b and Y. Watase ††† , c. },
number = {3},
pages = {381--407},
volume = {268},
year = {1976},
month = {Dec},
date-added = {2010-04-12 20:03:43 -0700},
date-modified = {2010-04-16 04:54:41 -0700},
pmid = {1118147823641989148related:HJCOeoV1hA8J},
URL = {http://linkinghub.elsevier.com/retrieve/pii/037594747690539X},
uri = {papers://AAB25F18-37EE-40DC-8817-B3D0E5BA5C33/Paper/p4971},
rating = {0}
}

@article{Webber_flux,
author = {WR Golden Webber and SA Stephens}, 
journal = {Proc. 20th ICRC (Moscow, 1987)},
year = {1987},
date-added = {2010-02-28 14:01:05 -0800},
date-modified = {2010-04-02 22:00:37 -0700},
uri = {papers://AAB25F18-37EE-40DC-8817-B3D0E5BA5C33/Paper/p506},
rating = {0}
}

@article{Hayato_pdk,
author = {Y Hayato and M Earl and Y Fukuda and T Hayakawa and K Inoue and K Ishihara and H Ishino and Y Itow and T Kajita and J Kameda}, 
journal = {Physical Review Letters},
title = {Search for Proton Decay through {p → nu K+} in a Large Water Cherenkov Detector},
pages = {1529--1533},
volume = {83},
year = {1999},
date-added = {2009-12-30 19:23:54 -0800},
date-modified = {2010-04-02 22:00:37 -0700},
pmid = {11139347871502873675related:S7Ruzt7plpoJ},
local-url = {file://localhost/Users/mihos/Papers/1999/Hayato_1999_Search%20for%20Proton%20Decay%20through.pdf},
uri = {papers://AAB25F18-37EE-40DC-8817-B3D0E5BA5C33/Paper/p231},
read = {Yes},
rating = {0}
}

@article{Honda_atmnu_flux,
author = {M Honda and T Kajita and K Kasahara and S Midorikawa}, 
journal = {Physical Review D},
title = {A new calculation of the atmospheric neutrino flux in a 3- dimensional scheme},
number = {4},
volume = {70},
year = {2004},
date-added = {2010-02-28 14:02:23 -0800},
date-modified = {2010-04-16 04:22:57 -0700},
URL = {http://www.google.com/search?client=safari&rls=en-us&q=A+new+calculation+of+the+atmospheric+neutrino+flux+in+a+3-+dimensional+scheme&ie=UTF-8&oe=UTF-8},
uri = {papers://AAB25F18-37EE-40DC-8817-B3D0E5BA5C33/Paper/p590},
rating = {0}
}

@article{Chemtob_rpv_limits,
author = {M Chemtob}, 
journal = {Progress in Particle and Nuclear Physics},
title = {Phenomenological constraints on broken R parity symmetry in supersymmetry models},
number = {1},
pages = {71--191},
volume = {54},
year = {2005},
date-added = {2009-12-30 19:23:54 -0800},
date-modified = {2010-04-02 22:00:37 -0700},
pmid = {15522724335172178550related:dtI_OIrLa9cJ},
local-url = {file://localhost/Users/mihos/Papers/2005/Chemtob_2005_Phenomenological%20constraints%20on%20broken%20R.pdf},
uri = {papers://AAB25F18-37EE-40DC-8817-B3D0E5BA5C33/Paper/p225},
read = {Yes},
rating = {0}
}

@article{Boezio_flux,
author = {M Boezio and P Carlson and T Francke and N Weber}, 
journal = {Physical Review Letters},
title = {New measurement of the flux of atmospheric muons},
abstract = { [4]). [7] ES Seo et al., . . 378, 763 (1991); W. Menn et al., in Proceedings of the 25th International Cosmic Ray Conference, Durban, South Africa (Potchefstroomse Universiteit, Potchefstroomse, South Africa, 1997), Vol. 3, p. 409. [8] .  et al., INFN/AE-98/06 },
pages = {4757--4760},
volume = {82},
year = {1999},
month = {Dec},
date-added = {2010-04-02 21:15:00 -0700},
date-modified = {2010-04-16 04:26:19 -0700},
pmid = {6753377289538864642related:AoYnKd3QuF0J},
URL = {http://www.lebedev.ru/intranet/publications/journals/prl/prl_v82/pdfs/vol_82/iss_24/4757_1.pdf},
uri = {papers://AAB25F18-37EE-40DC-8817-B3D0E5BA5C33/Paper/p1220},
rating = {0}
}

@article{Isiksal_cohpi_garg,
author = {E Isiksal and D Rein and J Morf{\'\i}n}, 
journal = {Physical Review Letters},
title = {Evidence for Neutrino-and Antineutrino-Induced Coherent π0 Production},
abstract = { PHYSICAL REVIEW LETTERS Evidence for Neutrino- and Antineutrino-Induced Coherent 7r$\,^{\circ}$ Production Engin  and Dieter Rein III.  21 April 1983) The angular distribution of isolated photon conversion pairs, collected during the proton- synchrotron- v and v },
year = {1984},
month = {Dec},
date-added = {2010-04-08 13:29:23 -0700},
date-modified = {2010-04-08 13:29:47 -0700},
pmid = {11379163265630437556related:tIATYbPo6p0J},
URL = {http://link.aps.org/doi/10.1103/PhysRevLett.52.1096},
uri = {papers://AAB25F18-37EE-40DC-8817-B3D0E5BA5C33/Paper/p4411},
rating = {0}
}

@article{Rowe_pi_N_scat,
author = {Glenn Rowe and Martin Salomon and Rubin H Landau}, 
journal = {Physical Review},
title = {AN ENERGY DEPENDENT PHASE SHIFT ANALYSIS OF PION - NUCLEON SCATTERING BELOW 400-MeV},
pages = {584--589},
volume = {C18},
year = {1978},
date-added = {2010-02-28 14:02:23 -0800},
date-modified = {2010-04-02 22:00:37 -0700},
uri = {papers://AAB25F18-37EE-40DC-8817-B3D0E5BA5C33/Paper/p535},
rating = {0}
}

@article{CERN_cross_sec,
author = {. High-Energy Reactions Analysis Group and E Bracci}, 
journal = {cdsweb.cern.ch},
title = {Compilation of cross sections},
abstract = { Report. Report number, CERN- -72-01. Title, Compilation of cross-sections. Volume, 1 (1972) : pi- and pi+ induced reactions. Author(s), , E ; Droulez, Jean Pierre ; Flaminio, Vincenzo ; Hansen, Jorn Dines ; Morrison, Douglas Robert Ogston. Affiliation, (CERN). },
year = {1972},
month = {Dec},
date-added = {2010-04-08 13:53:49 -0700},
date-modified = {2010-04-08 13:54:15 -0700},
pmid = {8938443865185630388related:tLgoZVa7C3wJ},
URL = {http://cdsweb.cern.ch/record/310012},
uri = {papers://AAB25F18-37EE-40DC-8817-B3D0E5BA5C33/Paper/p4632},
rating = {0}
}

@article{Goity_rpv_ppkk,
author = {JL Goity and M Sher}, 
journal = {Physics Letters B},
title = {Bounds on ΔB= 1 couplings in the supersymmetric standard model},
number = {1-2},
pages = {69--74},
volume = {346},
year = {1995},
date-added = {2009-12-30 19:23:55 -0800},
date-modified = {2010-04-02 22:00:37 -0700},
pmid = {2681580343742806232related:2Lh1cR3jNiUJ},
local-url = {file://localhost/Users/mihos/Papers/1995/Goity_1995_Bounds%20on%20%CE%94B=%201%20couplings.pdf},
uri = {papers://AAB25F18-37EE-40DC-8817-B3D0E5BA5C33/Paper/p208},
read = {Yes},
rating = {0}
}

@article{Faissner_cohpi_aachen,
author = {H Faissner and E Frenzel and M Grimm and T Hansl-Kozanecka}, 
journal = {Physics Letters B},
title = {Observation of neutrino and antineutrino induced coherent neutral pion production {\ldots}},
abstract = {This article is not included in your organization's subscription. However, you may be able to access this article under your organization's agreement with Elsevier.  . They determine the isovector axial NC coupling constant {\ss}=0.93$\pm$0.12. No η 0 mesons were observed, which limits the },
year = {1983},
month = {Dec},
date-added = {2010-04-08 13:27:53 -0700},
date-modified = {2010-04-08 13:28:29 -0700},
pmid = {10063005745164918759related:5x9FvWj6posJ},
URL = {http://linkinghub.elsevier.com/retrieve/pii/0370269383912741},
uri = {papers://AAB25F18-37EE-40DC-8817-B3D0E5BA5C33/Paper/p4379},
rating = {0}
}

@article{Papini_flux,
author = {P Papini and C Grimani}, 
journal = {International Cosmic Ray Conference},
title = {Observations of Proton and Helium Spectra Near Solar Maximum},
abstract = {Title: Observations of Proton and Helium Spectra Near Solar Maximum. Authors: , .; Grimani, C.; et al. Publication: 23rd    , Vol. 1, held 19-30 July,  at University of Calgary, Alberta, Canada. },
year = {1993},
month = {Dec},
date-added = {2010-04-02 21:12:28 -0700},
date-modified = {2010-04-16 04:25:10 -0700},
pmid = {13055077122428067734related:ll-nXXnzLLUJ},
URL = {http://adsabs.harvard.edu/abs/1993ICRC....1..579P},
uri = {papers://AAB25F18-37EE-40DC-8817-B3D0E5BA5C33/Paper/p1170},
rating = {0}
}

@article{Hirata_kamiokande_pdk,
author = {K Hirata and T Kajita and T Kifune and K Kihara and M Nakahata}, 
journal = {Physics Letters B},
title = {Experimental limits on nucleon lifetime for lepton+ meson decay modes},
abstract = {   on   for +   . This article is not included in your organization's subscription. However, you may be able to access this article under your organization's agreement with Elsevier. },
number = {1},
volume = {220},
year = {1989},
month = {Dec},
date-added = {2010-03-22 12:20:02 -0700},
date-modified = {2010-04-16 04:00:18 -0700},
pmid = {5978163075206247529related:aXQGq6Sz9lIJ},
URL = {http://linkinghub.elsevier.com/retrieve/pii/0370269389900580},
local-url = {file://localhost/Users/mihos/Papers/1989/Hirata_1989_Experimental%20limits%20on%20nucleon%20lifetime.pdf},
uri = {papers://AAB25F18-37EE-40DC-8817-B3D0E5BA5C33/Paper/p915},
read = {Yes},
rating = {0}
}

@article{Berger_frejus_dndk,
author = {C Berger and M Froehlich and H Moench and R Nisius and F Raupach {\ldots}}, 
journal = {Physics Letters B},
title = {Lifetime limits on (BL)-violating nucleon decay and di-nucleon decay modes from the Fr{\'e}jus {\ldots}},
abstract = {The fully contained events recorded in the  detector are used to search for (B-L)-violating nucleon  and - processes. No signal is found for a sensitivity of 2.0 kiloton year. The lower limits on the partial lifetime for the various nucleon  modes range },
pages = {227--233},
volume = {269},
year = {1991},
month = {Dec},
date-added = {2010-03-22 13:10:18 -0700},
date-modified = {2010-04-16 04:10:43 -0700},
pmid = {10330889856509470982related:BunuzpaxXo8J},
URL = {http://linkinghub.elsevier.com/retrieve/pii/037026939191479F},
local-url = {file://localhost/Users/mihos/Papers/1991/Berger_1991_Lifetime%20limits%20on%20(BL)-violating%20nucleon.pdf},
uri = {papers://AAB25F18-37EE-40DC-8817-B3D0E5BA5C33/Paper/p927},
read = {Yes},
rating = {0}
}

@article{Sjostrand_PYTHIA,
author = {Torbjorn Sjostrand}, 
journal = {Computer Physics Communications},
title = {High-energy physics event generation with PYTHIA 5.7 and JETSET 7.4},
pages = {74--90},
volume = {82},
year = {1994},
date-added = {2010-02-28 14:02:23 -0800},
date-modified = {2010-04-02 22:00:37 -0700},
uri = {papers://AAB25F18-37EE-40DC-8817-B3D0E5BA5C33/Paper/p576},
rating = {0}
}

@article{tHooft_bv,
author = {G 't Hooft}, 
journal = {Physical Review Letters},
title = {Symmetry breaking through Bell-Jackiw anomalies},
abstract = {In models of fermions coupled to gauge fields certain current-conservation laws are violated by Bell-Jackiw anomalies. In perturbation theory the total charge corresponding to such currents seems to be still conserved, but here it is shown that nonperturbative effects can give rise },
number = {8},
volume = {37},
year = {1976},
month = {Dec},
date-added = {2010-04-15 19:04:46 -0700},
date-modified = {2010-04-16 04:21:12 -0700},
pmid = {11016904414631674722related:YsON7jHo45gJ},
URL = {http://link.aps.org/doi/10.1103/PhysRevLett.37.8},
uri = {papers://AAB25F18-37EE-40DC-8817-B3D0E5BA5C33/Paper/p5612},
rating = {0}
}

@article{sk_website,
author = {Super-Kamiokande}, 
journal = {http://www-sk.icrr.u-tokyo.ac.jp/whatsnew/new-20091125-e.html},
title = {http://www-sk.icrr.u-tokyo.ac.jp/whatsnew/new-20091125-e.html},
affiliation = {Super-Kamiokande Collaboration},
year = {2010},
date-added = {2010-04-15 07:59:59 -0700},
date-modified = {2010-04-16 04:07:09 -0700},
URL = {http://www-sk.icrr.u-tokyo.ac.jp/whatsnew/new-20091125-e.html},
uri = {papers://AAB25F18-37EE-40DC-8817-B3D0E5BA5C33/Paper/p5261},
rating = {0}
}

@article{Lee_parity,
author = {T Lee and C Yang}, 
journal = {Physical Review},
title = {Question of parity conservation in weak interactions},
abstract = { difference less than their widths.  of the symmetry stated in (b) implies the nonconservation of  in A decay. See also footnote 12 and TD  and CN , Phys. Rev. (to be published). 9 Also the interference may },
pages = {254--258},
volume = {104},
year = {1956},
month = {Dec},
date-added = {2010-04-10 09:45:45 -0700},
date-modified = {2010-04-16 04:11:38 -0700},
pmid = {15901658300312694569related:Ka_HOfkJrtwJ},
URL = {http://link.aps.org/doi/10.1103/PhysRev.104.254},
uri = {papers://AAB25F18-37EE-40DC-8817-B3D0E5BA5C33/Paper/p4663},
rating = {0}
}

@article{Bodek_Yang_correction,
author = {A Bodek and U K Yang}, 
journal = {Arxiv preprint hep-ex/0301036},
title = {Modeling neutrino and electron scattering cross sections in the few GeV region with effective LO PDFs},
year = {2003},
date-added = {2010-02-28 14:01:05 -0800},
date-modified = {2010-04-16 04:47:45 -0700},
URL = {http://www.google.com/search?client=safari&rls=en-us&q=Modeling+neutrino+and+electron+scattering+cross+sections+in+the+few+GeV+region+with+effective+LO+PDFs&ie=UTF-8&oe=UTF-8},
local-url = {file://localhost/Users/mihos/Papers/2003/Bodek_2003_Modeling%20neutrino%20and%20electron%20scattering.pdf},
uri = {papers://AAB25F18-37EE-40DC-8817-B3D0E5BA5C33/Paper/p427},
rating = {0}
}

@article{McGrew_imb_pdk,
author = {C McGrew and others}, 
journal = {Physical Review D},
title = {Search for nucleon decay using the IMB-3 detector},
pages = {052004},
volume = {59},
year = {1999},
date-added = {2010-02-28 14:02:23 -0800},
date-modified = {2010-04-16 04:01:26 -0700},
uri = {papers://AAB25F18-37EE-40DC-8817-B3D0E5BA5C33/Paper/p587},
rating = {0}
}

@article{Apanasenko_flux,
author = {A V Apanasenko and others}, 
journal = {Astroparticle Physics Journal},
title = {Composition and energy spectra of cosmic-ray primaries in the energy range 10**13-eV/particle to approx. 10**15- eV/particle observed by Japanese-Russian joint balloon experiment},
pages = {13--46},
volume = {16},
year = {2001},
date-added = {2010-02-28 14:01:05 -0800},
date-modified = {2010-04-16 05:07:10 -0700},
doi = {10.1016/S0927-6505(00)00163-8},
uri = {papers://AAB25F18-37EE-40DC-8817-B3D0E5BA5C33/Paper/p520},
rating = {0}
}

@article{Ryan_flux,
author = {M Ryan and J Ormes and V Balasubrahmanyan}, 
journal = {Physical Review Letters},
title = {Cosmic-ray proton and helium spectra above 50 GeV},
abstract = { A. Farley, AD Tomassian, and M. Walt, . . . 25, 47 (1970). Cosmic-Ray Proton and Helium Spectra above 50 GeV  ,* JF Ormes, and VK Balasubrahmanyan Goddard Space Flight Center, Greenbelt, Maryland 20771 (Received 25 February 1972) Differential },
pages = {985},
volume = {28},
year = {1972},
month = {Dec},
date-added = {2010-04-02 21:18:30 -0700},
date-modified = {2010-04-16 04:30:46 -0700},
pmid = {14003205015847430637related:7emNDsVgVcIJ},
URL = {http://link.aps.org/doi/10.1103/PhysRevLett.28.985},
uri = {papers://AAB25F18-37EE-40DC-8817-B3D0E5BA5C33/Paper/p1472},
rating = {0}
}

@article{Gluck_grv98,
author = {M Gl{\"u}ck and E Reya and A Vogt}, 
journal = {The European Physical Journal C-Particles},
title = {Dynamical parton distributions revisited},
abstract = {Abstract. Dynamical parton densities, generated radiatively from valence-like inputs at some low resolu- tion scale, are confronted with recent small-x data on deep inelastic and other hard scattering processes. It is shown that within theoretical uncertainties our previous (1994) },
pages = {461--470},
volume = {5},
year = {1998},
month = {Dec},
date-added = {2010-04-08 13:33:43 -0700},
date-modified = {2010-04-16 04:46:21 -0700},
pmid = {10018598380924649178related:2j5RiiU2CYsJ},
URL = {http://www.springerlink.com/index/U51XHUYHXCFYLKRP.pdf},
uri = {papers://AAB25F18-37EE-40DC-8817-B3D0E5BA5C33/Paper/p4442},
rating = {0}
}

@article{Ejiri_corr_dcy,
author = {H Ejiri}, 
journal = {Physical Review C},
title = {Nuclear deexcitations of nucleon holes associated with nucleon decays in nuclei},
number = {3},
pages = {1442--1444},
volume = {48},
year = {1993},
date-added = {2009-12-30 19:23:52 -0800},
date-modified = {2010-04-02 22:00:37 -0700},
pmid = {16647442631877791433related:yQ7FK9-YB-cJ},
local-url = {file://localhost/Users/mihos/Papers/1993/Ejiri_1993_Nuclear%20deexcitations%20of%20nucleon%20holes.pdf},
uri = {papers://AAB25F18-37EE-40DC-8817-B3D0E5BA5C33/Paper/p229},
rating = {0}
}

@article{Carpenter_rpv_fine_tuning,
author = {LM Carpenter and DE Kaplan and EJ Rhee}, 
journal = {Arxiv preprint hep-ph/0607204},
title = {Reduced fine-tuning in supersymmetry with R-parity violation},
year = {2006},
date-added = {2009-12-30 19:23:55 -0800},
date-modified = {2010-04-02 22:00:37 -0700},
pmid = {5458280451282956193related:oe8ttya1v0sJ},
local-url = {file://localhost/Users/mihos/Papers/2006/Carpenter_2006_Reduced%20fine-tuning%20in%20supersymmetry%20with.pdf},
uri = {papers://AAB25F18-37EE-40DC-8817-B3D0E5BA5C33/Paper/p207},
read = {Yes},
rating = {0}
}

@article{Bhattacharyya_rpv_mini,
author = {G Bhattacharyya}, 
journal = {Nuclear Physics B (Proceedings Supplements)},
title = {R-parity-violating supersymmetric Yukawa couplings: A mini-review},
number = {1-2},
pages = {83--88},
volume = {52},
year = {1997},
date-added = {2009-12-30 19:23:54 -0800},
date-modified = {2010-04-02 22:00:37 -0700},
pmid = {18425592059346950687related:Hxqi4VratP8J},
local-url = {file://localhost/Users/mihos/Papers/1997/Bhattacharyya_1997_R-parity-violating%20supersymmetric%20Yukawa%20couplings%20A.pdf},
uri = {papers://AAB25F18-37EE-40DC-8817-B3D0E5BA5C33/Paper/p227},
rating = {0}
}

@article{Kobayashi_pdk,
author = {K Kobayashi and others}, 
journal = {Physical Review D},
title = {Search for nucleon decay via modes favored by supersymmetric grand unification models in Super- Kamiokande-I},
pages = {052007},
volume = {72},
year = {2005},
date-added = {2010-02-28 14:02:23 -0800},
date-modified = {2010-04-16 04:03:13 -0700},
URL = {http://www.google.com/search?client=safari&rls=en-us&q=Search+for+nucleon+decay+via+modes+favored+by+supersymmetric+grand+unification+models+in+Super-+Kamiokande-I&ie=UTF-8&oe=UTF-8},
local-url = {file://localhost/Users/mihos/Papers/2005/Kobayashi_2005_Search%20for%20nucleon%20decay%20via.pdf},
uri = {papers://AAB25F18-37EE-40DC-8817-B3D0E5BA5C33/Paper/p567},
rating = {0}
}

@article{Bergsma_cohpi_charm,
author = {F Bergsma and J Dorenbosch and J Allaby and U Amaldi}, 
journal = {Physics Letters B},
title = {Measurement of the cross section of coherent π0 production by muon-neutrino and {\ldots}},
abstract = { organization's agreement with Elsevier.  Collaboration, F.  and J. Dorenbosch. JV Allaby, U. Amaldi, G. Barbiellini 1 , W. Flegel, L. Lanceri, M. Metcalf, C. Nieuwenhuis, J. Panman, C. Santoni 2 and K. Winter. I. Abt, J },
year = {1985},
month = {Dec},
date-added = {2010-04-08 13:22:00 -0700},
date-modified = {2010-04-08 13:22:17 -0700},
pmid = {10772067946891979008related:ACnejrkSfpUJ},
URL = {http://linkinghub.elsevier.com/retrieve/pii/0370269385904022},
uri = {papers://AAB25F18-37EE-40DC-8817-B3D0E5BA5C33/Paper/p4276},
rating = {0}
}

@article{Goldhaber_p_lifetime,
author = {M Goldhaber and P Langacker and R Slansky}, 
journal = {Science},
title = {IS THE PROTON STABLE?},
pages = {851--860},
volume = {210},
year = {1980},
date-added = {2010-02-28 14:02:23 -0800},
date-modified = {2010-04-15 17:52:49 -0700},
URL = {http://www.google.com/search?client=safari&rls=en-us&q=IS+THE+PROTON+STABLE?&ie=UTF-8&oe=UTF-8},
local-url = {file://localhost/Users/mihos/Papers/1980/Goldhaber_1980_IS%20THE%20PROTON%20STABLE?.pdf},
uri = {papers://AAB25F18-37EE-40DC-8817-B3D0E5BA5C33/Paper/p538},
rating = {0}
}

@article{Dimopoulos_rpv_ppkk,
author = {S Dimopoulos and L Hall}, 
journal = {Physics Letters B},
title = {Baryogenesis at the MeV era},
abstract = {The addition of a single operator to the minimal low-energy supergravity theory allows baryogenesis to occur at the end of inflation. The reheat temperature is between an MeV and GeV and there is no gravitino problem. The model can be tested by searching for baryon number },
number = {2},
volume = {196},
year = {1987},
month = {Dec},
date-added = {2010-02-28 18:37:23 -0800},
date-modified = {2010-04-16 04:14:52 -0700},
pmid = {15298075312554857394related:slMBsHGuTdQJ},
URL = {http://linkinghub.elsevier.com/retrieve/pii/0370269387905934},
local-url = {file://localhost/Users/mihos/Papers/1987/Dimopoulos_1987_Baryogenesis%20at%20the%20MeV%20era.pdf},
uri = {papers://AAB25F18-37EE-40DC-8817-B3D0E5BA5C33/Paper/p793},
read = {Yes},
rating = {0}
}

@article{Langacker_guts_b,
author = {P Langacker}, 
journal = {Arxiv preprint hep-ph},
title = {Grand unification and the standard model},
abstract = {The precision electroweak data has spectacularly confirmed the electroweak part of the standard model and has correctly predicted mt and αs. However, the standard model has many shortcomings, most notably the large number of free parameters, the unexplained fermion },
volume = {hep--ph/9411247},
year = {1994},
month = {Dec},
date-added = {2010-04-15 07:55:01 -0700},
date-modified = {2010-04-16 04:06:11 -0700},
pmid = {1924239272176291828related:9I_sSGxFtBoJ},
URL = {http://arxiv.org/abs/hep--ph/9411247},
local-url = {file://localhost/Users/mihos/Papers/1994/Langacker_1994_Grand%20unification%20and%20the%20standard.pdf},
uri = {papers://AAB25F18-37EE-40DC-8817-B3D0E5BA5C33/Paper/p5234},
read = {Yes},
rating = {0}
}

@article{Wu_parity,
author = {C Wu and E Ambler and R Hayward and D Hoppes}, 
journal = {Physical Review},
title = {Experimental test of parity conservation in beta decay},
abstract = { Experimental Test of  Conservation in Beta Decay* CS , Columbia University, New York, New York AND E. AMBLER, RW HAYWARD, DD HOPPES, AND RP HUDSON, National Bureau of Standards, Washington, DC (Received January 15, 1957) IN a recent paper' on },
pages = {1413},
volume = {105},
year = {1957},
month = {Dec},
date-added = {2010-04-10 09:51:43 -0700},
date-modified = {2010-04-16 04:12:33 -0700},
pmid = {14964673553797798649related:-drMmU8zrc8J},
URL = {http://link.aps.org/doi/10.1103/PhysRev.105.1413},
uri = {papers://AAB25F18-37EE-40DC-8817-B3D0E5BA5C33/Paper/p4763},
rating = {0}
}

@article{Armenise_garg_79b,
author = {N Armenise and O Erriquez and M Fogli Muciaccia and S Nuzzo {\ldots}}, 
journal = {Nuclear Physics B},
title = {Charged current elastic antineutrino interactions in propane},
abstract = { Beam, chamber, runs The heavy liquid bubble chamber  was exposed to the CERNPS antineutrino beam for a total amount of 1.57 1018 protons on the target.  1015 of Four runs were carried out, between summer 1974 and 1975. },
pages = {365--375},
volume = {152},
year = {1979},
month = {Dec},
date-added = {2010-04-08 13:02:50 -0700},
date-modified = {2010-04-16 04:42:35 -0700},
pmid = {352305053199217795related:g7SDTJSj4wQJ},
URL = {http://linkinghub.elsevier.com/retrieve/pii/0550321379900877},
uri = {papers://AAB25F18-37EE-40DC-8817-B3D0E5BA5C33/Paper/p4140},
rating = {0}
}

@article{Axelrod_dndk_quark_model,
author = {A Axelrod}, 
journal = {Physical Review D},
title = {Dinucleon decay in the nucleus: A quark-model analysis},
number = {3},
pages = {741--754},
volume = {33},
year = {1986},
date-added = {2009-12-30 19:23:54 -0800},
date-modified = {2010-04-02 22:00:36 -0700},
pmid = {related:zuBBN9fXVaAJ},
local-url = {file://localhost/Users/mihos/Papers/1986/Axelrod_1986_Dinucleon%20decay%20in%20the%20nucleus.pdf},
uri = {papers://AAB25F18-37EE-40DC-8817-B3D0E5BA5C33/Paper/p233},
rating = {0}
}

@article{LlewellynSmith_qe_scat,
author = {C H Llewellyn Smith}, 
journal = {Physics Reptorts},
title = {Neutrino Reactions at Accelerator Energies},
pages = {261},
volume = {3},
year = {1972},
date-added = {2010-02-28 14:01:05 -0800},
date-modified = {2010-04-02 22:00:37 -0700},
doi = {10.1016/0370-1573(72)90010-5},
uri = {papers://AAB25F18-37EE-40DC-8817-B3D0E5BA5C33/Paper/p420},
rating = {0}
}

@article{Smirnov_rpv_pdk,
author = {AY Smirnov and F Vissani}, 
journal = {Physics Letters B},
title = {Upper bound on all products of R-parity violating couplings λ′ and λ ″from proton decay},
number = {3-4},
pages = {317--323},
volume = {380},
year = {1996},
date-added = {2009-12-30 19:23:55 -0800},
date-modified = {2010-04-02 22:00:37 -0700},
pmid = {10458962651157508121related:GTBSBR6zJZEJ},
local-url = {file://localhost/Users/mihos/Papers/1996/Smirnov_1996_Upper%20bound%20on%20all%20products.pdf},
uri = {papers://AAB25F18-37EE-40DC-8817-B3D0E5BA5C33/Paper/p237},
read = {Yes},
rating = {0}
}

@article{Brunner_skat,
author = {J Brunner and H Grabosch and H Kaufmann}, 
journal = {Zeitschrift f{\"u}r Physik C},
title = {Quasielastic nucleon and hyperon production by neutrinos and antineutrinos with {\ldots}},
abstract = {Abstract. The cross sections of neutrino and antineu- trino quasielastic reactions vn ~ /2- p, ~p ~ /2 + n, ~p /2 +A were studied in the neutrino energy range be- tween 3 and 30 GeV. In comparison with VA theory axial mass parameters of MA=(1.06_0.05 ___0.14) GeV/c 2 from neutrino },
year = {1990},
month = {Dec},
date-added = {2010-04-08 13:08:59 -0700},
date-modified = {2010-04-16 04:44:54 -0700},
pmid = {13437330104939784765related:PSqZUon8eroJ},
URL = {http://www.springerlink.com/index/X400246427TQ2375.pdf},
uri = {papers://AAB25F18-37EE-40DC-8817-B3D0E5BA5C33/Paper/p4190},
rating = {0}
}

@article{Bernabei_dama_dndk,
author = {R Bernabei and M Amato and P Belli and R Cerulli and C Dai}, 
journal = {Physics Letters B},
title = {Search for the nucleon and di-nucleon decay into invisible channels},
abstract = { As already mentioned, in the  and Kamiokande experiments the prompt and --- because of the high  In fact, if the daughter nuclei, created after the nucleon or - disappearance in the parent  energy release of few MeV or less), we can search for their  using a },
number = {12},
volume = {493},
year = {2000},
month = {Dec},
date-added = {2010-03-22 13:05:58 -0700},
date-modified = {2010-04-16 04:09:08 -0700},
pmid = {9968175740339213755related:u9WVrQUTVooJ},
URL = {http://linkinghub.elsevier.com/retrieve/pii/S0370269300011126},
local-url = {file://localhost/Users/mihos/Papers/2000/Bernabei_2000_Search%20for%20the%20nucleon%20and.pdf},
uri = {papers://AAB25F18-37EE-40DC-8817-B3D0E5BA5C33/Paper/p925},
read = {Yes},
rating = {0}
}

@article{Giammarchi_borexctf_nim,
author = {M Giammarchi}, 
journal = {Nuclear Physics B-Proceedings Supplements},
title = {The counting test facility of the borexino experiment at LNGS},
abstract = { (Proc. Suppl.) 35 (1994) 433-437 North-Holland I ~llIgl I Ir,-q S111115"k~ [4k~111 PROCEEDINGS SUPPLEMENTS The Counting Test Facility of the  experiment at LNGS Marco G. Giammarchia* aIstituto Nazionale di Fisica Nucleare, Via Celoria 16 - },
year = {1994},
month = {Dec},
date-added = {2010-04-27 15:05:29 -0700},
date-modified = {2010-04-27 15:05:53 -0700},
pmid = {1992098562483625347related:gx1nhhZbpRsJ},
URL = {http://linkinghub.elsevier.com/retrieve/pii/0920563294902984},
local-url = {file://localhost/Users/mihos/Papers/1994/Giammarchi_1994_The%20counting%20test%20facility%20of.pdf},
uri = {papers://AAB25F18-37EE-40DC-8817-B3D0E5BA5C33/Paper/p6038},
rating = {0}
}

@article{Shiozawa_pdk,
author = {M Shiozawa and B Viren and Y Fukuda and T Hayakawa}, 
journal = {Physical Review Letters},
title = {Search for Proton Decay via {p→ e+ π0} in a Large Water Cherenkov Detector},
abstract = { Received 19 May 1998 We have searched for   via p→e + π 0 using data from a 25.5 kto{\.n}yr exposure of the - detector.  In this Letter, we have reported the results of a   search in - . },
number = {16},
volume = {81},
year = {1998},
month = {Dec},
date-added = {2010-02-28 15:56:16 -0800},
date-modified = {2010-04-16 04:03:39 -0700},
pmid = {6259671251881937622related:1solo9bR3lYJ},
URL = {http://link.aps.org/doi/10.1103/PhysRevLett.81.3319},
local-url = {file://localhost/Users/mihos/Papers/1998/Shiozawa_1998_Search%20for%20Proton%20Decay%20via.pdf},
uri = {papers://AAB25F18-37EE-40DC-8817-B3D0E5BA5C33/Paper/p625},
rating = {0}
}

